<?xml version="1.0" encoding="UTF-8"?><record xmlns="http://www.loc.gov/MARC21/slim" xmlns:cinclude="http://apache.org/cocoon/include/1.0" xmlns:zs="http://www.loc.gov/zing/srw/">
  <leader>00601cz  a2200157n  4500</leader>
  <controlfield tag="001">n  82210027 </controlfield>
  <controlfield tag="003">DLC</controlfield>
  <controlfield tag="005">20090606074934.0</controlfield>
  <controlfield tag="008">830729n| acannaabn          |a aaa      </controlfield>
  <datafield tag="010" ind1=" " ind2=" ">
    <subfield code="a">n  82210027 </subfield>
    <subfield code="z">n  84091842 </subfield>
  </datafield>
  <datafield tag="035" ind1=" " ind2=" ">
    <subfield code="a">(OCoLC)oca00869618</subfield>
  </datafield>
  <datafield tag="040" ind1=" " ind2=" ">
    <subfield code="a">DLC</subfield>
    <subfield code="b">eng</subfield>
    <subfield code="c">DLC</subfield>
    <subfield code="d">DLC</subfield>
    <subfield code="d">OCoLC</subfield>
    <subfield code="d">SaPrUSA</subfield>
  </datafield>
  <datafield tag="100" ind1="1" ind2=" ">
    <subfield code="a">Pijning, H. F.</subfield>
    <subfield code="q">(Hendrik Frederik),</subfield>
    <subfield code="d">1924-</subfield>
  </datafield>
  <datafield tag="400" ind1="1" ind2=" ">
    <subfield code="a">Pijning, Hendrik Frederik,</subfield>
    <subfield code="d">1924-</subfield>
  </datafield>
  <datafield tag="670" ind1=" " ind2=" ">
    <subfield code="a">Author's Het diagnostiseren en corrigeran van stoornissen in het schrijven, 1969.</subfield>
  </datafield>
  <datafield tag="670" ind1=" " ind2=" ">
    <subfield code="a">KB online cat., June 4, 2009</subfield>
    <subfield code="b">(hdg.: Pijning, H. F. (Hendrik Frederik), 1924-; usage: H.F. Pijning)</subfield>
  </datafield>
</record>